@article{changsoo:routing ,
 author = {Ok, Changsoo and Lee, Seokcheon and Mitra, Prasenjit and Kumara, Soundar},
 title = {Distributed routing in wireless sensor networks using energy welfare metric},
 journal = {Inf. Sci.},
 volume = {180},
 number = {9},
 year = {2010},
 issn = {0020-0255},
 pages = {1656--1670},
 doi = {http://dx.doi.org/10.1016/j.ins.2010.01.019},
 publisher = {Elsevier Science Inc.},
 address = {New York, NY, USA},
}
@inproceedings{Hui:2008:IDL:1460412.1460415,
 author = {Hui, Jonathan W. and Culler, David E.},
 title = {IP is dead, long live IP for wireless sensor networks},
 booktitle = {Proceedings of the 6th ACM conference on Embedded network sensor systems},
 series = {SenSys '08},
 year = {2008},
 isbn = {978-1-59593-990-6},
 location = {Raleigh, NC, USA},
 pages = {15--28},
 numpages = {14},
 url = {http://doi.acm.org/10.1145/1460412.1460415},
 doi = {http://doi.acm.org/10.1145/1460412.1460415},
 acmid = {1460415},
 publisher = {ACM},
 address = {New York, NY, USA},
 keywords = {6lowpan, internet, internetworking, ip, ipv6, media management, network architecture, sensor networks, wireless},
}
@misc{david,
   author = {David E. Culler},
   title = {Wireless Embedded Inter-Networking},
   year = {June, 2008},
}
@inproceedings{DBLP,
  author    = {Andrew R. Dalton and
               William P. McCartney and
               Kajari Ghosh Dastidar and
               Jason O. Hallstrom and
               Nigamanth Sridhar and
               Ted Herman and
               William Leal and
               Anish Arora and
               Mohamed G. Gouda},
  title     = {DESAL alpha: An Implementation of the Dynamic Embedded Sensor-Actuator
               Language},
  booktitle = {ICCCN},
  year      = {2008},
  pages     = {541-547},
  ee        = {http://dx.doi.org/10.1109/ICCCN.2008.ECP.108},
  bibsource = {DBLP, http://dblp.uni-trier.de}
}